@article{lattice_based_crypto,
	title = {Lattice-based Cryptography},
	url = {cims.nyu.edu/âˆ¼ regev/papers/pqc.pdf},
	author = {Micciancio, D. and Regev, O.},
	month = july,
	year = {2008}
}

@article{lwe_proposal,
	title = {On lattices, learning with errors, random linear codes, and cryptography},
	url = {https://cims.nyu.edu/~regev/papers/qcrypto.pdf},
	journal = {Proc. 37th ACM Symp. on Theory of Computing},
	author = {Regev, O.},
	year = {2005},
	pages = {84--93}
}

@article{lwe_efficient,
	title = {A framework for efficient and composable oblivious transfer},
	url = {https://eprint.iacr.org/2007/348.pdf},
	journal = {Advances in Cryptology},
	author = {Peikert, C., Vaikuntanathan, V., and Waters, B.},
	year = {2008}
}
